@lhcbreport{LHCb-ANA-2016-059,
      author = {Wimberley, Jack and Hamilton, Brian Keith and Jawahery, Hassan},
      url    = {https://cds.cern.ch/record/2202625},
      date   = {2016-07},
      number = {LHCb-ANA-2016-059},
      title  = {{A measurement of the semitauonic branching fraction ratio $\mathcal R(J/\psi)$}},
}

@lhcbreport{LHCb-ANA-2020-056,
      author = {Hamilton, Phoebe and Jawahery, Hassan and Ciezarek, Gregory Max},
      url    = {https://cds.cern.ch/record/2728837},
      date   = {2020},
      number = {LHCb-ANA-2020-056},
      title  = {{Simultaneous extraction of the branching fraction ratios $\mathcal{R}(D)$ and $\mathcal{R}(D^{*})$ with the Run 1 Dataset using the $\tau^{+} \rightarrow \mu^{+} \nu_{\mu}\overline{\nu}_{\tau}$ decay}},
}

@lhcbreport{LHCb-PUB-2014-039,
      author      = {Tolk, S and Albrecht, J and Dettori, F and Pellegrino, A},
      institution = {CERN},
      location    = {Geneva},
      url         = {https://cds.cern.ch/record/1701134},
      date        = {2014},
      number      = {LHCb-PUB-2014-039},
      title       = {{Data driven trigger efficiency determination at LHCb}},
}

@article{LHCb-DP-2019-001,
      author       = {Aaij, R. and Akar, S. and Albrecht, J. and Alexander, M. and Albero, A. Alfonso and Amerio, S. and Anderlini, L. and d{'}Argent, P. and Baranov, A. and Barter, W. and Benson, S. and Bobulska, D. and Boettcher, T. and Borghi, S. and Bowen, E. E. and Brarda, L. and Burr, C. and Cachemiche, J.-P. and Gomez, M. Calvo and Cattaneo, M. and Chanal, H. and Chapman, M. and Chebbi, M. and Chefdeville, M. and Ciambrone, P. and Cogan, J. and Chitic, S.-G. and Clemencic, M. and Closier, J. and Couturier, B. and Daoudi, M. and Bruyn, K. De and Cian, M. De and Deschamps, O. and Dettori, F. and Dordei, F. and Douglas, L. and Dreimanis, K. and Dufour, L. and Dujany, G. and Durante, P. and Duval, P.-Y. and Dziurda, A. and Esen, S. and Fitzpatrick, C. and Fontanna, M. and Frank, M. and Veghel, M. Van and Gaspar, C. and Gerstel, D. and Ghez, Ph. and Gizdov, K. and Gligorov, V.V. and Govorkova, E. and Cardoso, L.A. Granado and Grillo, L. and Guz, I. and Hachon, F. and He, J. and Hill, D. and Hu, W. and Hulsbergen, W. and Ilten, P. and Li, Y. and Linn, C.P. and Lupton, O. and Johnson, D. and Jones, C.R. and Jost, B. and Kenzie, M. and Kopecna, R. and Koppenburg, P. and Kreps, M. and Gac, R. Le and Lef√®vre, R. and Leroy, O. and Machefert, F. and Mancinelli, G. and Maddrell-Mander, S. and Marchand, J.F. and Marconi, U. and Benito, C. Marin and Martinelli, M. and Santos, D. Martinez and Matev, R. and Michielin, E. and Monteil, S. and Morris, A. and Minard, M.-N. and Mohamed, H. and Morello, M.J. and Naik, P. and Neubert, S. and Neufeld, N. and Niel, E. and Pearce, A. and Perret, P. and Polci, F. and Prisciandaro, J. and Prouve, C. and Navarro, A. Puig and Pernas, M. Ramos and Raven, G. and Rethore, F. and Molina, V. Rives and Robbe, P. and Sarpis, G. and Sborzacchi, F. and Schiller, M. and Schwemmer, R. and Sciascia, B. and Serrano, J. and Seyfert, P. and Schune, M.-H. and Smith, M. and Solomin, A. and Sokoloff, M. and Spradlin, P. and Stahl, M. and Stahl, S. and Storaci, B. and Stracka, S. and Szymanski, M. and Traill, M. and Usachov, A. and Valat, S. and Gomez, R. Vazquez and Vesterinen, M. and Voneki, B. and Wang, M. and Weisser, C. and Whitehead, M. and Williams, M. and Winn, M. and Witek, M. and Xiang, Z. and Xu, A. and Xu, Z. and Yin, H. and Zhang, Y. and Zhou, Y.},
      publisher    = {{IOP} Publishing},
      url          = {https://doi.org/10.1088/1748-0221/14/04/p04013},
      date         = {2019-04},
      doi          = {10.1088/1748-0221/14/04/p04013},
      journaltitle = {Journal of Instrumentation},
      number       = {04},
      pages        = {P04013--P04013},
      title        = {Design and performance of the {LHCb} trigger and full real-time reconstruction in Run 2 of the {LHC}},
      volume       = {14},
}

@lhcbreport{LHCb-INT-2019-025,
      author      = {Calvi, Marta and Grillo, Lucia and Garcia Pardinas, Julian and Meloni, Simone and Owen, Patrick Haworth and Serra, Nicola},
      institution = {CERN},
      location    = {Geneva},
      url         = {https://cds.cern.ch/record/2703802},
      date        = {2019},
      number      = {LHCb-INT-2019-025},
      title       = {{Emulation of the hadronic trigger for tracker-only simulation}},
}

@lhcbreport{LHCb-PUB-2011-025,
      author      = {De Cian, Michel and Hansmann-Menzemer, Stephanie and Jaeger, Andreas and Seyfert, Paul and van Tilburg, Jeroen and Wandernoth, Sebastian},
      institution = {CERN},
      location    = {Geneva},
      url         = {https://cds.cern.ch/record/1402577},
      date        = {2012},
      number      = {LHCb-PUB-2011-025},
      title       = {{Measurement of the track finding efficiency}},
}

@article{LHCb-DP-2013-002,
      author       = {collaboration, The LHCb},
      publisher    = {{IOP} Publishing},
      url          = {https://doi.org/10.1088%2F1748-0221%2F10%2F02%2Fp02007},
      date         = {2015-02},
      doi          = {10.1088/1748-0221/10/02/p02007},
      journaltitle = {Journal of Instrumentation},
      number       = {02},
      pages        = {P02007--P02007},
      title        = {Measurement of the track reconstruction efficiency at {LHCb}},
      volume       = {10},
}

