@article{doi:10.1142/S0217751X20501456,
      author       = {Brenner, Lydia and Balasubramanian, Rahul and Burgard, Carsten and Verkerke, Wouter and Cowan, Glen and Verschuuren, Pim and Croft, Vincent},
      url          = {https://doi.org/10.1142/S0217751X20501456},
      date         = {2020},
      doi          = {10.1142/S0217751X20501456},
      eprint       = {https://doi.org/10.1142/S0217751X20501456},
      journaltitle = {International Journal of Modern Physics A},
      number       = {24},
      pages        = {2050145},
      title        = {Comparison of unfolding methods using RooFitUnfold},
      volume       = {35},
}

@article{Bernlochner_2020,
      author       = {Bernlochner, Florian U. and Duell, Stephan and Ligeti, Zoltan and Papucci, Michele and Robinson, Dean J.},
      publisher    = {Springer Science and Business Media {LLC}},
      url          = {https://doi.org/10.1140/epjc/s10052-020-8304-0},
      date         = {2020-09},
      doi          = {10.1140/epjc/s10052-020-8304-0},
      journaltitle = {The European Physical Journal C},
      number       = {9},
      title        = {Das ist der {HAMMER}: consistent new physics interpretations of semileptonic decays},
      volume       = {80},
}

@inproceedings{Chen:2016:XST:2939672.2939785,
      author    = {Chen, Tianqi and Guestrin, Carlos},
      location  = {San Francisco, California, USA},
      publisher = {ACM},
      url       = {http://doi.acm.org/10.1145/2939672.2939785},
      booktitle = {Proceedings of the 22nd ACM SIGKDD International Conference on Knowledge Discovery and Data Mining},
      date      = {2016},
      doi       = {10.1145/2939672.2939785},
      isbn      = {978-1-4503-4232-2},
      keywords  = {large-scale machine learning},
      pages     = {785--794},
      series    = {KDD '16},
      title     = {{XGBoost}: A Scalable Tree Boosting System},
}

